@book{patternsInGameDesign,
  title = {Patterns in Game Design},
  author = {Steffan Bjork and Jussi Holopainen},
  year = {2004},
  number = {ISBN: 1584503548},
  publisher = {Charles River Media},
  edition = {First}
}

@article{lanParty,
    author  = "Jeroen Jansz AND Lonneke Martens",
    title   = "Gaming at a LAN event: the social context of playing video games",
    year    = "2005",
    journal = "New Media Society",
    pages   = "333--355"
}

@online{gba_gcn,
   Author = {NintendoLife.com},
   Title = {Feature: GameCube - GBA Connectivity and Wii U},
   Url = {http://www.nintendolife.com/news/2012/07/feature_gamecube_gba_connectivity_and_wii_u}
}

@online{fsa,
   Author = {Cubed3.com},
   Title = {Four Swords Adventure},
   Url = {http://www.cubed3.com/media/2012/December/gbafourswords.jpg}
}

@online{fsa,
   Author = {Cubed3.com},
   Title = {Four Swords Adventure},
   Url = {http://www.cubed3.com/media/2012/December/gbafourswords.jpg}
}

@online{wiiu_gamepad,
   Author = {Gengame.net},
   Title = {Wii U GamePad},
   Url = {http://www.gengame.net/wp-content/uploads/2012/10/wiiu-two-gamepads-asymmetric.jpg}
}

@online{wiiu_sales,
   Author = {Forbes.com},
   Title = {Wii U Sales Down 36\%, Nintendo Executives Taking Pay Cut},
   Url = {http://www.forbes.com/sites/insertcoin/2014/01/29/wii-u-sales-down-36-nintendo-executives-taking-pay-cut/}
}

@online{wiiu_features,
   Author = {Nintendo.com},
   Title = {Wii U features},
   Url = {http://www.nintendo.com/wiiu/features/}
}

@online{wiiu_multiple,
   Author = {Engadget.com},
   Title = {Nintendo: two Wii U Gamepads will work on one system},
   Url = {http://www.engadget.com/2012/06/05/nintendo-two-wii-u-gamepads-will-work-on-one-system/}
}

@online{wii_remote,
   Author = {Engadget.com},
   Title = {Wii Remote Controller},
   Url = {http://www.engadget.com/products/nintendo/wii/remote-controller/specs/}
}

@online{msdn_Microsoft,
   Author = {Msdn.Microsoft},
   Title = {Kinect for Windows Sensor Components and Specifications},
   Url = {http://msdn.microsoft.com/en-us/library/jj131033.aspx}
}

@online{IGN_ref,
   Author = {IGN.com},
   Title = {Xbox One vs. Playstation 4: Kinect 2.0 vs. Playstation 4 Camera},
   Url = {http://www.ign.com/blogs/finalverdict/2013/11/02/xbox-one-vs-playstation-4-kinect-20-vs-playstation-4-camera}
}

@online{steam_controller,
   Author = {PCGamer.com},
   Title = {Steam Controller announced by Valve},
   Url = {http://www.pcgamer.com/2013/09/27/steam-
controller-announced-by-valve/}
}

@online{steam_controller_video,
   Author = {SteamDevDays},
   Title = {Steam Controller workshop 2014},
   Url = {http://youtu.be/UfN5WK7OzU8}
}

@online{steam_controller_pic,
   Author = {Media.Steampowered.com},
   Title = {Steam controller},
   Url = 
{http://media.steampowered.com/steam/store/livingroom/co
ntroller/SteamController.jpg}
}

@online{xbox360_controller_pic,
   Author = {Upload.wikimedia.org},
   Title = {Xbox 360 controller},
   Url = 
{http://upload.wikimedia.org/wikipedia/commons/f/f6/Xbox
_360_white_wireless_controller.png}
}

@online{ps3_controller_pic,
   Author = {Upload.wikimedia.org},
   Title = {PS3 controller},
   Url = 
{http://upload.wikimedia.org/wikipedia/commons/8/89/PlayStation3-Sixaxis.jpg
}
}

@online{7ConsoleGen,
   Author = {Gaming.wikia.com},
   Title = {Seventh-Generation Consoles},
   Url = 
{http://gaming.wikia.com/wiki/Seventh-Generation_Consoles}
}

@online{xbox_one_controller,
   Author = {Precisionmicrodrives.com},
   Title = {New Xbox One Controller Increasing Haptic Feedback Offering},
Url = 
{http://www.precisionmicrodrives.com/tech-blog/2013/06/14/new-xbox-one-controller-increasing-haptic-feedback-offering}
}

@online{erm_controller,
   Author = {Precisionmicrodrives.com},
   Title = {Haptic Feedback Applications},
Url = 
{http://www.precisionmicrodrives.com/vibrating-vibrator-vibration-motors/vibration-motor-applications-and-usage-guides/haptic-feedback-applications}
}

@online{xinput,
   Author = {msdn.microsoft.com},
   Title = {XInput Controller},
   Url = {http://msdn.microsoft.com/en-us/library/dd145260.aspx}
}

@article{spaceBugz_paper,
    author  = "Alexander Birke",
    title   = "Space Bugz! : A Smartphone-Controlled Crowd Game",
    year    = "2012",
    journal = "	Association for Computing Machinery",
    pages   = "217--219"
}

@online{smartphone_stats,
   Author = {Businessinsider.com},
   Title = {One In Every 5 People In The World Own A Smartphone, One In Every 17 Own A Tablet},
Url = 
{http://www.businessinsider.com/smartphone-and-tablet-penetration-2013-10}
}

@online{ps3_pressureSensitive,
   Author = {Justpushstart.com},
   Title = {No Pressure Sensitive Face Buttons On DUALSHOCK 4 Controller},
Url = {http://www.justpushstart.com/2013/10/pressure-sensitive-face-buttons-dualshock-4-controller/}
}

@online{psmove_controller,
   Author = {Digitaltrends.com},
   Title = {PlayStation Move vs. Nintendo Wii: Under the Hood | Digital Trends},
Url = {http://www.digitaltrends.com/gaming/playstation-move-vs-nintendo-wii-under-the-hood/}
}

@online{psmove_controller_shipped,
   Author = {IGN.com},
   Title = {New PlayStation Move Sales Data Revealed},
Url = {http://www.ign.com/articles/2012/03/08/new-playstation-move-sales-data-revealed}
}

@online{psmove_image,
   Author = {Eurogamer.com},
   Title = {PS Move},
Url = {http://images.eurogamer.net/articles//a/1/1/4/8/2/2/9/Move2.jpg.jpg}
}

@online{3d_splitscreen,
   Author = {Mystady.com},
   Title = {3D split-screen},
Url = {http://mystady.com/2011/06/sonys-3d-split-screen-free-multiplayer.html}
}

@online{simulView,
   Author = {Us.Playstation.com},
   Title = {Experience SimulView Technology},
Url = {http://us.playstation.com/ps3/accessories/sony-playstation-3d-display-ps3/simul-view/}
}

@online{EuroGamerKinect,
   Author = {EuroGamer.net},
   Title = {Kinect sales equal the original Xbox, higher than GameCube},
   Url = {http://www.eurogamer.net/articles/2013-02-12-xbox-360-worldwide-sales-top-76-million}
}

@online{ChartOfGamesSold,
   Author = {VGChartz.com},
   Title = {Game Database},
   Url = {http://www.vgchartz.com/gamedb/}
}

@online{ChartOfConsolesSold,
   Author = {VGChartz.com},
   Title = {Platform totals},
   Url = {http://www.vgchartz.com/analysis/platform_totals/Hardware/Global/}
}

@online{worldometer,
   Author = {Worldometers.info},
   Title = {World Population Clock},
   Url = {http://www.worldometers.info/world-population/}
}

@online{ouya_website,
   Author = {Ouya.tv},
   Title = {OUYA},
   Url = {https://www.ouya.tv/}
}

@online{OculusHP,
   Author = {Oculusvr.com},
   Title = {Oculus Rift},
   Url = {http://www.oculusvr.com/}
}

@online{ORcrystalCove,
   Author = {Oculusvr.com},
   Title = {Crystal Cove Debut, CES Recap, and Steam Dev Days},
   Url = {http://www.oculusvr.com/blog/crystal-cove-debut-ces-recap-and-steam-dev-days/}
}

@online{VRNausea,
   Author = {Oculusvr.com},
   Title = {VR Sickness, The Rift, and How Game Developers Can Help},
   Url = {http://www.oculusvr.com/blog/vr-sickness-the-rift-and-how-game-developers-can-help/}
}

@online{couch_gaming_play,
   Author = {Venturebeat.com},
   Title = {Couch play: Why developers are championing for more local multiplayer games},
   Url = {http://venturebeat.com/2014/02/08/developers-local-multiplayer-games/}
}

@online{kinect_image,
   Author = {Upload.wikimedia.org},
   Title = {Kinect Sensor},
   Url = {http://upload.wikimedia.org/wikipedia/commons/6/67/Xbox-360-Kinect-Standalone.png}   
}

@online{oculus_image,
   Author = {Oculusvr.com},
   Title = {Oculus Rift Development Kit 2},
   Url = {https://www.oculusvr.com/order/}   
}

@online{nfc,
   Author = {Gsmarena.com},
   Title = {NFC (Near Field Communication)},
   Url = {http://www.gsmarena.com/glossary.php3?term=nfc}   
}

@online{wiiu_sep,
   Author = {Tomshardware.com},
   Title = {Wii U Gamepad Wont Be Sold Separately at Launch},
   Url = {http://www.tomshardware.com/news/Nintendo-Wii-U-Gamepad-Controller,17632.html}   
}

@online{3d_glasses,
   Author = {Cracked.com},
   Title = {4 Reasons the 3D TV Movement is Already Dead},
   Url = {http://www.cracked.com/quick-fixes/4-reasons-3d-tv-movement-already-dead/}   
}

@online{3d_sales,
   Author = {Globalpost.com},
   Title = {3D TV-sales growth},
   Url = {http://www.globalpost.com/dispatch/news/yonhap-news-agency/130318/3d-tv-sales-growth}   
}

@article{vr_sickness,
    author  = "Joe Ludwig",
    title   = "Leassons learned porting Team Fortress 2 to Virtual Reality",
    year    = "2013",
    journal = "Game Developers Conference",
}

@online{joust_game_source,
   Author = {Jsjoust.com},
   Title = {Johann Sebastian Joust},
   Url = {http://www.jsjoust.com/images/jsjoust-photo01.jpg}   
}

@online{joust_game_source_traitor,
   Author = {Giantbomb.com},
   Title = {Johann Sebastian Joust Traitor Mode},
   Url = {http://www.giantbomb.com/johann-sebastian-joust/3030-37591/}   
}


@online{oculus_salesNumbers,
   Author = {Theguardian.com},
   Title = {Oculus Rift sales suspended as components run low},
   Url = {http://www.theguardian.com/technology/2014/feb/21/oculus-rift-sales-suspended-as-components-run-low}   
}

@online{hips_image,
   Author = {Readwrite.com},
   Title = {Hidden in Plain Sight},
   Url = {http://readwrite.com/files/hidden_0.jpg}   
}

@online{multi_controller,
   Author = {Retro.mmgn.com},
   Title = {History of the Multi-tap Accessory},
   Url = {http://retro.mmgn.com/Nintendo-64/Articles/History-of-the-Multi-tap-Accessory}   
}

@online{steam_site,
   Author = {Store.Steampowered.com},
   Title = {Steam},
   Url = {http://store.steampowered.com/}   
}

@online{xboxLive_site,
   Author = {Xbox.com},
   Title = {Xbox Live},
   Url = {http://www.xbox.com/da-DK/Live?xr=shellnav}   
}

@online{hips_interview,
   Author = {Indiegamerchick.com},
   Title = {Interview with Adam Spragg: Developer of Hidden in Plain Sight},
   Url = {http://indiegamerchick.com/2012/12/08/interview-with-adam-spragg-developer-of-hidden-in-plain-sight/}   
}

@online{voip,
   Author = {Compnetworking.about.com},
   Title = {VoIP - Voice over Internet Protocol},
   Url = {http://compnetworking.about.com/cs/voicefaxoverip/g/bldef_voip.htm
}   
}

@online{tf_return,
   Author = {Ralph Barbagallo},
   Title = {Towerfall: The Re-Return of Social Gaming},
   Url = {http://ralphbarbagallo.com/2014/04/03/towerfall-the-re-return-of-social-gaming/}   
}

@book{statisticsBook,
  title = {Statistics: An Introduction using R},
  author = {Michael J. Crawley},
  year = {2005},
  number = {ISBN: 0470022981},
  publisher = {Wiley},
  edition = {First}
}

@unpublished {blockDesign,
author = {Rasmus Stenholt},
title = {Design and Analysis of Experiments - Course Introduction Hypotheses},
note = {AAU},
year = {2013}
}


@article{humanWorkingMemory,
    author  = "George A. Miller",
    title   = "The magical number seven, plus or minus two: some limits on our capacity for processing information",
    year    = "1956",
    journal = "Psychological Review",
    volume  = "63",
    number  = "2",
    pages   = "81--97"
}

@article{multimodalDesign,
    author  = "Kay Stanney AND Shatha Samman AND Leah Reeves AND Kelly Hale AND Wendi Buff AND Clint Bowers AND Brian Goldiez AND Denise Nicholson AND Stephanie Lackey",
    title   = "A Paradigm Shift in Interactive Computing: Deriving Multimodal Design Principles from Behavioral and Neurological Foundations",
    year    = "2004",
    journal = "INTERNATIONAL JOURNAL OF HUMAN-COMPUTER INTERACTION",
    volume  = "17",
    number  = "2",
    pages   = "229-257"
}

@article{vibrationGuidelines,
    author  = "Jan B.F. van Erp",
    title   = "Guidelines for the Use of Vibro-Tactile Displays in Human Computer Interaction",
    year    = "2002",
    journal = "TNO Human Factors",
}

@article{hicksLaw,
    author  = "W.E. Hick",
    title   = "On The Rate of Gain of Information",
    year    = "2008",
    journal = "Quaterly Journal of Experimental Psychology",
}

@book{InteractDesign,
title = {Interaction Design: Beyond Human-Computer Interaction},
author = "Yvonne Rogers AND Helen Sharp AND Jenny Preece",
year = {2011},
number = {0470665769},
edition = {Third},
publisher = {John Wiley and Sons}
}

@online{xinputSpeed,
   Author = {Msdn.Microsoft},
   Title = {XINPUTVIBRATIONstructure},
   Url = {http://msdn.microsoft.com/}
}   

@unpublished {ermAmplitudeFrequency,
author = {Rasmus Krarup Madsen AND Lars Knudsen},
title = {RTII - Workshop 1},
note = {AAU},
year = {2014}
}

@online{morseCode,
   Author = {BBC.co.uk},
   Title = {morseCode},
   Url = {http://www.bbc.co.uk/schools/gcsebitesize/science/ocr_gateway/home_energy/light_and_lasersrev1.shtml}   
}
@unpublished {sensitiveBodyAreas,
author = {Hendrik Knoche},
title = {multimodal systems - output - haptics and audio},
note = {AAU},
year = {2014}
}

@article{moodle,
    author  = "AAU",
    title   = "Curriculum for the Bachelor's Program in Medialogy",
    year    = "2010",
    journal = "The Faculty of Engineering and Science, Aalborg University",
}